<record><leader>00000cas a2200000 a 4500</leader><controlfield tag="001">49224802</controlfield><controlfield tag="007">hd afb---bacp</controlfield><controlfield tag="007">hd bfb---babp</controlfield><controlfield tag="008">020301d18911908wauwr nea     0    0eng c</controlfield><datafield ind1=" " ind2=" " tag="010"><subfield code="a">  2002252147</subfield></datafield><datafield ind1=" " ind2=" " tag="040"><subfield code="a">WAU</subfield><subfield code="b">eng</subfield><subfield code="c">WAU</subfield><subfield code="d">OCLCQ</subfield><subfield code="d">OCLCF</subfield><subfield code="d">OCLCO</subfield><subfield code="d">OCLCQ</subfield><subfield code="d">OCLCA</subfield></datafield><datafield ind1=" " ind2=" " tag="042"><subfield code="a">pcc</subfield></datafield><datafield ind1=" " ind2=" " tag="043"><subfield code="a">n-us-wa</subfield></datafield><datafield ind1="0" ind2=" " tag="130"><subfield code="a">Ballard news (Seattle, Wash. : 1891)</subfield></datafield><datafield ind1="1" ind2="4" tag="245"><subfield code="a">The Ballard news.</subfield></datafield><datafield ind1=" " ind2=" " tag="260"><subfield code="a">Ballard, Wash. :</subfield><subfield code="b">Reid &amp; Woody,</subfield><subfield code="c">[-1908]</subfield></datafield><datafield ind1=" " ind2=" " tag="300"><subfield code="a">volumes :</subfield><subfield code="b">illustrations</subfield></datafield><datafield ind1=" " ind2=" " tag="310"><subfield code="a">Weekly</subfield></datafield><datafield ind1=" " ind2=" " tag="336"><subfield code="a">text</subfield><subfield code="b">txt</subfield><subfield code="2">rdacontent</subfield></datafield><datafield ind1=" " ind2=" " tag="337"><subfield code="a">microform</subfield><subfield code="b">h</subfield><subfield code="2">rdamedia</subfield></datafield><datafield ind1=" " ind2=" " tag="338"><subfield code="a">microfilm reel</subfield><subfield code="b">hd</subfield><subfield code="2">rdacarrier</subfield></datafield><datafield ind1="1" ind2=" " tag="362"><subfield code="a">Began in 1891.</subfield><subfield code="z">Cf. Newspapers in microform : United States, 1948-1972.</subfield></datafield><datafield ind1="0" ind2=" " tag="362"><subfield code="a">-v. 17, no. 8 (Feb. 21, 1908).</subfield></datafield><datafield ind1=" " ind2=" " tag="500"><subfield code="a">Published by: News Pub. Co., &lt;Mar. 29, 1902&gt;-1908.</subfield></datafield><datafield ind1=" " ind2=" " tag="588"><subfield code="a">Description based on: Vol. 9, no. 49 (Dec. 8, 1900).</subfield></datafield><datafield ind1=" " ind2=" " tag="533"><subfield code="a">Microfilm.</subfield><subfield code="b">[Seattle, Wash.] :</subfield><subfield code="c">Filmed for the University of Washington Libraries.</subfield><subfield code="e">microfilm reels ; 35 mm.</subfield><subfield code="n">Missing issues.</subfield></datafield><datafield ind1=" " ind2="0" tag="651"><subfield code="a">Ballard (Seattle, Wash.)</subfield><subfield code="v">Newspapers.</subfield></datafield><datafield ind1=" " ind2="0" tag="651"><subfield code="a">Seattle (Wash.)</subfield><subfield code="v">Newspapers.</subfield></datafield><datafield ind1=" " ind2="7" tag="651"><subfield code="a">Washington (State)</subfield><subfield code="z">Seattle.</subfield><subfield code="2">fast</subfield><subfield code="0">(OCoLC)fst01204940</subfield></datafield><datafield ind1=" " ind2="7" tag="651"><subfield code="a">Washington (State)</subfield><subfield code="z">Seattle</subfield><subfield code="z">Ballard.</subfield><subfield code="2">fast</subfield><subfield code="0">(OCoLC)fst01316070</subfield></datafield><datafield ind1=" " ind2="7" tag="655"><subfield code="a">Newspapers.</subfield><subfield code="2">fast</subfield><subfield code="0">(OCoLC)fst01423814</subfield></datafield><datafield ind1=" " ind2=" " tag="752"><subfield code="a">United States</subfield><subfield code="b">Washington</subfield><subfield code="c">King</subfield><subfield code="d">Seattle.</subfield></datafield><datafield ind1="0" ind2="0" tag="785"><subfield code="t">Seattle weekly news</subfield><subfield code="w">(DLC)  2002252148</subfield><subfield code="w">(OCoLC)49224799</subfield></datafield><datafield ind1="1" ind2=" " tag="029"><subfield code="a">AU@</subfield><subfield code="b">000023395636</subfield></datafield></record>